<?xml version="1.0" encoding="UTF-8"?><collection xmlns="http://www.loc.gov/MARC21/slim"><record><leader>00443nam--2200169-i-4500</leader><controlfield tag="001">000032681</controlfield><controlfield tag="002">20161230</controlfield><controlfield tag="005">20161230201039</controlfield><controlfield tag="008">060222s1000------------r-----000-0-eng-d</controlfield><datafield ind1=" " ind2=" " tag="040"><subfield code="a">IFIN-HH</subfield></datafield><datafield ind1=" " ind2=" " tag="080"><subfield code="a">533.15</subfield></datafield><datafield ind1="1" ind2=" " tag="100"><subfield code="a">Grew, K. E</subfield></datafield><datafield ind1="1" ind2="0" tag="245"><subfield code="a">Thermal Diffusion in glasses</subfield><subfield code="c">K.E. Grew, T.L. Ibbs</subfield></datafield><datafield ind1=" " ind2=" " tag="260"><subfield code="a">Cambridge</subfield><subfield code="b">Cambridge University Press</subfield><subfield code="c">1952</subfield></datafield><datafield ind1=" " ind2=" " tag="700"><subfield code="a">Ibbs, T.L</subfield></datafield><datafield ind1=" " ind2=" " tag="852"><subfield code="a">10107</subfield><subfield code="c">533.6</subfield></datafield><datafield ind1=" " ind2=" " tag="CAT"><subfield code="a">Sys</subfield><subfield code="c">20100903</subfield><subfield code="h">114242</subfield></datafield></record></collection>